<record><leader>00000cas a22000007a 4500</leader><controlfield tag="001">9681608</controlfield><controlfield tag="008">830708d18791882ksuwr ne      0    0eng d</controlfield><controlfield tag="009">3789</controlfield><datafield ind1=" " ind2=" " tag="010"><subfield code="a">sn 83040384 </subfield></datafield><datafield ind1=" " ind2=" " tag="040"><subfield code="a">KSH</subfield><subfield code="b">eng</subfield><subfield code="c">KSH</subfield><subfield code="d">NPT</subfield></datafield><datafield ind1="1" ind2=" " tag="029"><subfield code="a">AU@</subfield><subfield code="b">000025795670</subfield></datafield><datafield ind1=" " ind2=" " tag="042"><subfield code="a">msc</subfield></datafield><datafield ind1=" " ind2=" " tag="043"><subfield code="a">n-us-ks</subfield></datafield><datafield ind1="0" ind2=" " tag="130"><subfield code="a">Republican record (Fort Scott, Kan.)</subfield></datafield><datafield ind1="0" ind2="0" tag="245"><subfield code="a">Republican record.</subfield></datafield><datafield ind1=" " ind2=" " tag="260"><subfield code="a">Fort Scott, Kan. :</subfield><subfield code="b">S.A. Day &amp; Co.,</subfield><subfield code="c">1879-</subfield></datafield><datafield ind1=" " ind2=" " tag="300"><subfield code="a">v. :</subfield><subfield code="b">ill. (chiefly advertisements) ;</subfield><subfield code="c">50 cm.</subfield></datafield><datafield ind1=" " ind2=" " tag="310"><subfield code="a">Weekly</subfield></datafield><datafield ind1="0" ind2=" " tag="362"><subfield code="a">Vol. 1, no. 1 (Jan. 30, 1879)-</subfield></datafield><datafield ind1="1" ind2=" " tag="362"><subfield code="a">Ceased with Sept. 15, 1882 issue?</subfield></datafield><datafield ind1=" " ind2=" " tag="500"><subfield code="a">Editor: S.A. Day.</subfield></datafield><datafield ind1="1" ind2=" " tag="700"><subfield code="a">Day, S. A.</subfield><subfield code="q">(Silas Addison)</subfield></datafield><datafield ind1=" " ind2=" " tag="752"><subfield code="a">United States</subfield><subfield code="b">Kansas</subfield><subfield code="c">Bourbon</subfield><subfield code="d">Fort Scott.</subfield></datafield><datafield ind1="0" ind2="7" tag="785"><subfield code="t">Fort Scott herald (Fort Scott, Kan. : 1878)</subfield><subfield code="w">(DLC)sn 83040285</subfield></datafield><datafield ind1="0" ind2="7" tag="785"><subfield code="t">Herald and record (Fort Scott, Kan.)</subfield><subfield code="w">(DLC)sn 83040364</subfield></datafield></record>